@misc{pythran,
	title = {Pythran},
	author = {Serge Guelton},
	howpublished = "\url{https://github.com/serge-sans-paille/pythran}",
	note = "[En ligne; consulté le 24 septembre 2013]"
}

@misc{pythran-replay,
	title = {Pythran-replay},
	author = {Yuancheng Peng},
	howpublished = "\url{https://github.com/yuancheng2013/pythran-replay}",
	note = "[En ligne; consulté le 24 septembre 2013]"
}

@misc{python-benchmarks,
	title = {Python-benchmarks},
	author = {NumFocus},
	howpublished = "\url{https://github.com/numfocus/python-benchmarks}",
	note = "[En ligne; consulté le 24 septembre 2013]"
}

@misc{git,
	title = {Git},
	author = {Wikipédia},
	howpublished = "\url{http://fr.wikipedia.org/wiki/Git}",
	note = "[En ligne; consulté le 24 septembre 2013]"
}


